<record><leader>00000cas a2200000   4500</leader><controlfield tag="001">6908448</controlfield><controlfield tag="007">hd afu---bbca</controlfield><controlfield tag="008">801106d18641873sduwr nea     0   a0eng d</controlfield><datafield ind1=" " ind2=" " tag="010"><subfield code="a">sn 96080300 </subfield></datafield><datafield ind1=" " ind2=" " tag="040"><subfield code="a">LDL</subfield><subfield code="b">eng</subfield><subfield code="c">LDL</subfield><subfield code="d">NVG</subfield><subfield code="d">OCL</subfield><subfield code="d">OCLCF</subfield><subfield code="d">OCLCO</subfield></datafield><datafield ind1=" " ind2=" " tag="042"><subfield code="a">msc</subfield></datafield><datafield ind1=" " ind2=" " tag="043"><subfield code="a">n-us-sd</subfield></datafield><datafield ind1=" " ind2="4" tag="082"><subfield code="a">071</subfield></datafield><datafield ind1="0" ind2="4" tag="245"><subfield code="a">The Union and Dakotaian</subfield><subfield code="h">[microform].</subfield></datafield><datafield ind1="3" ind2="3" tag="246"><subfield code="a">Union Dakotian</subfield></datafield><datafield ind1="3" ind2="3" tag="246"><subfield code="a">Union &amp; Dakotian</subfield></datafield><datafield ind1=" " ind2=" " tag="260"><subfield code="a">Yankton, Dakota Territory, [S.D.]</subfield><subfield code="b">G. Kingsbury,</subfield><subfield code="c">1864-</subfield></datafield><datafield ind1=" " ind2=" " tag="300"><subfield code="a">v.</subfield></datafield><datafield ind1="0" ind2=" " tag="362"><subfield code="a">Vol. 1, no. 2 (Dec. 3, 1864)-.</subfield></datafield><datafield ind1="1" ind2=" " tag="362"><subfield code="a">Ceased in 1873.</subfield></datafield><datafield ind1=" " ind2=" " tag="500"><subfield code="a">Title varies slightly.</subfield></datafield><datafield ind1=" " ind2=" " tag="515"><subfield code="a">Issues for Nov. 17, 1866-Mar. 31, 1870 called also whole no. 84-whole no. 414.</subfield></datafield><datafield ind1=" " ind2=" " tag="580"><subfield code="a">Merged with: Yankton press, to form: Yankton press and union and Dakotaian.</subfield></datafield><datafield ind1=" " ind2=" " tag="533"><subfield code="a">Microfilm.</subfield><subfield code="b">Madison, Wis.,</subfield><subfield code="c">State Historical Society of Wisconsin.</subfield><subfield code="e">2 reels, 35 mm.</subfield></datafield><datafield ind1=" " ind2="0" tag="651"><subfield code="a">Dakota Territory</subfield><subfield code="v">Newspapers.</subfield></datafield><datafield ind1=" " ind2="0" tag="651"><subfield code="a">Yankton (S.D.)</subfield><subfield code="v">Newspapers.</subfield></datafield><datafield ind1=" " ind2="7" tag="655"><subfield code="a">Newspapers.</subfield><subfield code="2">fast</subfield><subfield code="0">(OCoLC)fst01423814</subfield></datafield><datafield ind1=" " ind2="7" tag="651"><subfield code="a">South Dakota</subfield><subfield code="z">Yankton.</subfield><subfield code="2">fast</subfield><subfield code="0">(OCoLC)fst01228901</subfield></datafield><datafield ind1=" " ind2="7" tag="651"><subfield code="a">United States</subfield><subfield code="z">Dakota Territory.</subfield><subfield code="2">fast</subfield><subfield code="0">(OCoLC)fst01228148</subfield></datafield><datafield ind1=" " ind2=" " tag="752"><subfield code="a">United States</subfield><subfield code="b">South Dakota</subfield><subfield code="c">Yankton</subfield><subfield code="d">Yankton.</subfield></datafield><datafield ind1="1" ind2=" " tag="776"><subfield code="t">Union and  Dakotaian</subfield><subfield code="w">(DLC)sn 83025477</subfield></datafield><datafield ind1="0" ind2="0" tag="780"><subfield code="t">Union Dakotaian</subfield><subfield code="w">(DLC)sn 96080303</subfield></datafield><datafield ind1="1" ind2="7" tag="785"><subfield code="t">Yankton press</subfield><subfield code="w">(DLC)sn 96080301</subfield></datafield><datafield ind1="1" ind2="7" tag="785"><subfield code="t">Yankton press and union and Dakotaian</subfield><subfield code="w">(DLC)sn 96080302</subfield></datafield><datafield ind1=" " ind2=" " tag="936"><subfield code="a">Nov. 19, 1864-Jan. 12, 1871</subfield></datafield></record>